%% This BibTeX bibliography file was created using BibDesk.
%% http://bibdesk.sourceforge.net/


%% Created for Dominik Horb at 2012-07-21 19:09:41 +0200 


%% Saved with string encoding Unicode (UTF-8) 



@url{projectDescription,
	Author = {Prof. Debora Weber-Wulff},
	Date-Added = {2012-07-21 15:14:01 +0000},
	Date-Modified = {2012-07-21 15:20:59 +0000},
	Lastchecked = {2012-07-21 15:14:01 +0000},
	Title = {Master Project: Plagiarism Detection Cockpit},
	Url = {http://people.f4.htw-berlin.de/~weberwu/classes/HTW/projects/Plagiarism-Detection-Cockpit.shtml},
	Year = {2011}}

@article{tuckman1965,
	Author = {Bruce W. Tuckman},
	Date-Added = {2012-07-21 00:04:34 +0000},
	Date-Modified = {2012-07-21 00:08:56 +0000},
	Journal = {Psychological Bulletin},
	Title = {Developmental sequence in small groups},
	Year = {1965}}
